@misc{usfiredeaths,
  Title                    = {{U.S. fire deaths, fire death rates, and risk of dying in a fire}},
  Year                     = {2016},
  URL 					   = {{https://www.usfa.fema.gov/data/statistics/fire_death_rates.html}}
}
@misc{aadl,
	Title = {{Architecture Analysis and Design Language}},
	Year = {2015},
	URL = {{http://www.aadl.info/aadl/currentsite/}}
}

@misc{osate,
	Title = {{Open Source AADL Tool Environment}},
	Year = {2018},
	URL = {{http://osate.org/}}
}

@misc{acceleo,
	Title = {{Acceleo}},
	Year = {2019},
	URL = {{https://www.eclipse.org/acceleo/}}
}